<record><leader>00000cas a2200000 a 4500</leader><controlfield tag="001">11329796</controlfield><controlfield tag="008">841031d19461977inudn ne      0    0eng c</controlfield><datafield ind1=" " ind2=" " tag="010"><subfield code="a">sn 84045429 </subfield></datafield><datafield ind1=" " ind2=" " tag="040"><subfield code="a">NPI</subfield><subfield code="b">eng</subfield><subfield code="c">NPI</subfield><subfield code="d">KNP</subfield><subfield code="d">OCL</subfield><subfield code="d">OCLCQ</subfield><subfield code="d">IUL</subfield><subfield code="d">OCLCQ</subfield><subfield code="d">OCLCF</subfield><subfield code="d">IUL</subfield><subfield code="d">OCL</subfield></datafield><datafield ind1=" " ind2=" " tag="042"><subfield code="a">pcc</subfield></datafield><datafield ind1=" " ind2=" " tag="043"><subfield code="a">n-us-in</subfield></datafield><datafield ind1="0" ind2="4" tag="245"><subfield code="a">The Dubois County daily herald.</subfield></datafield><datafield ind1=" " ind2=" " tag="260"><subfield code="a">Jasper, Ind. :</subfield><subfield code="b">Jasper Herald Co.,</subfield><subfield code="c">1946-1977.</subfield></datafield><datafield ind1=" " ind2=" " tag="300"><subfield code="a">v. :</subfield><subfield code="b">ill. ;</subfield><subfield code="c">44 cm.</subfield></datafield><datafield ind1=" " ind2=" " tag="310"><subfield code="a">Daily (except Sun. and holidays)</subfield></datafield><datafield ind1="0" ind2=" " tag="362"><subfield code="a">Vol. 52, no. 14 (Oct. 7, 1946)-vol. 82, no. 97 (January 31, 1977).</subfield></datafield><datafield ind1=" " ind2=" " tag="500"><subfield code="a">Has weekly "Home edition" published Oct. 1946.</subfield></datafield><datafield ind1=" " ind2=" " tag="500"><subfield code="a">Title from masthead.</subfield></datafield><datafield ind1=" " ind2=" " tag="515"><subfield code="a">Issue for July 26, 1948 mislabeled July 26, 1946.</subfield></datafield><datafield ind1=" " ind2="0" tag="651"><subfield code="a">Jasper (Ind.)</subfield><subfield code="v">Newspapers.</subfield></datafield><datafield ind1=" " ind2="0" tag="651"><subfield code="a">Dubois County (Ind.)</subfield><subfield code="v">Newspapers.</subfield></datafield><datafield ind1=" " ind2="7" tag="651"><subfield code="a">Indiana</subfield><subfield code="z">Dubois County.</subfield><subfield code="2">fast</subfield><subfield code="0">(OCoLC)fst01209375</subfield></datafield><datafield ind1=" " ind2="7" tag="651"><subfield code="a">Indiana</subfield><subfield code="z">Jasper.</subfield><subfield code="2">fast</subfield><subfield code="0">(OCoLC)fst01218977</subfield></datafield><datafield ind1=" " ind2="7" tag="655"><subfield code="a">Newspapers.</subfield><subfield code="2">fast</subfield><subfield code="0">(OCoLC)fst01423814</subfield></datafield><datafield ind1=" " ind2=" " tag="752"><subfield code="a">United States</subfield><subfield code="b">Indiana</subfield><subfield code="c">Dubois</subfield><subfield code="d">Jasper.</subfield></datafield><datafield ind1="0" ind2="0" tag="780"><subfield code="t">Jasper herald</subfield><subfield code="w">(DLC)sn 84045428</subfield><subfield code="w">(OCoLC)11329753</subfield></datafield><datafield ind1="0" ind2="0" tag="785"><subfield code="t">Herald (Jasper, Ind.)</subfield><subfield code="w">(DLC)sn 86058773</subfield><subfield code="w">(OCoLC)14227360</subfield></datafield><datafield ind1="4" ind2="1" tag="856"><subfield code="u">https://access.newspaperarchive.com/us/indiana/dubois/dubois-herald/</subfield></datafield><datafield ind1="4" ind2="1" tag="856"><subfield code="u">https://access.newspaperarchive.com/us/indiana/jasper/jasper-herald/</subfield></datafield><datafield ind1="1" ind2=" " tag="029"><subfield code="a">AU@</subfield><subfield code="b">000020375627</subfield></datafield></record>